<record><leader>00000cas a2200000 a 4500</leader><controlfield tag="001">33601994</controlfield><controlfield tag="008">951120d193719uufluwr ne      0    0eng c</controlfield><datafield ind1=" " ind2=" " tag="010"><subfield code="a">sn 95047322 </subfield></datafield><datafield ind1=" " ind2=" " tag="040"><subfield code="a">FUG</subfield><subfield code="b">eng</subfield><subfield code="c">FUG</subfield><subfield code="d">OCLCQ</subfield><subfield code="d">OCLCF</subfield><subfield code="d">OCLCO</subfield></datafield><datafield ind1=" " ind2=" " tag="012"><subfield code="i">9511</subfield></datafield><datafield ind1="1" ind2=" " tag="029"><subfield code="a">AU@</subfield><subfield code="b">000025891014</subfield></datafield><datafield ind1=" " ind2=" " tag="042"><subfield code="a">pcc</subfield></datafield><datafield ind1=" " ind2=" " tag="043"><subfield code="a">n-us-fl</subfield></datafield><datafield ind1="0" ind2="4" tag="245"><subfield code="a">The Port Saint Joe sentinel.</subfield></datafield><datafield ind1="1" ind2="3" tag="246"><subfield code="a">Port St. Joe sentinel</subfield></datafield><datafield ind1="1" ind2=" " tag="246"><subfield code="i">Issued on Apr. 1, 1937 with the incomplete title:</subfield><subfield code="a">Port Saint Joe</subfield></datafield><datafield ind1=" " ind2=" " tag="260"><subfield code="a">Port Saint Joe, Gulf County, Fla. :</subfield><subfield code="b">Jas. H. Kelley &amp; Claude F. Hanlon,</subfield><subfield code="c">1937-</subfield></datafield><datafield ind1=" " ind2=" " tag="300"><subfield code="a">v.</subfield></datafield><datafield ind1=" " ind2=" " tag="310"><subfield code="a">Weekly</subfield></datafield><datafield ind1="0" ind2=" " tag="362"><subfield code="a">Vol. 1, no. 1 (Apr. 1, 1937)-</subfield></datafield><datafield ind1=" " ind2=" " tag="588"><subfield code="a">Latest issue consulted: Vol. 3, no. 39 (Dec. 21, 1939).</subfield></datafield><datafield ind1=" " ind2="0" tag="651"><subfield code="a">Port Saint Joe (Fla.)</subfield><subfield code="v">Newspapers.</subfield></datafield><datafield ind1=" " ind2="0" tag="651"><subfield code="a">Gulf County (Fla.)</subfield><subfield code="v">Newspapers.</subfield></datafield><datafield ind1=" " ind2="7" tag="655"><subfield code="a">Newspapers.</subfield><subfield code="2">fast</subfield><subfield code="0">(OCoLC)fst01423814</subfield></datafield><datafield ind1=" " ind2="7" tag="651"><subfield code="a">Florida</subfield><subfield code="z">Gulf County.</subfield><subfield code="2">fast</subfield><subfield code="0">(OCoLC)fst01215214</subfield></datafield><datafield ind1=" " ind2="7" tag="651"><subfield code="a">Florida</subfield><subfield code="z">Port Saint Joe.</subfield><subfield code="2">fast</subfield><subfield code="0">(OCoLC)fst01215233</subfield></datafield><datafield ind1=" " ind2=" " tag="752"><subfield code="a">United States</subfield><subfield code="b">Florida</subfield><subfield code="c">Gulf</subfield><subfield code="d">Port Saint Joe.</subfield></datafield><datafield ind1=" " ind2=" " tag="850"><subfield code="a">FU</subfield></datafield></record>